<record><leader>00000cas a22000007a 4500</leader><controlfield tag="001">29043760</controlfield><controlfield tag="008">931018d19401954ohuwr ne      0    0eng d</controlfield><controlfield tag="009">8043</controlfield><datafield ind1=" " ind2=" " tag="010"><subfield code="a">sn 93065820 </subfield></datafield><datafield ind1=" " ind2=" " tag="040"><subfield code="a">ONP</subfield><subfield code="b">eng</subfield><subfield code="c">ONP</subfield><subfield code="d">OCLCQ</subfield></datafield><datafield ind1="1" ind2=" " tag="029"><subfield code="a">AU@</subfield><subfield code="b">000025883103</subfield></datafield><datafield ind1=" " ind2=" " tag="042"><subfield code="a">msc</subfield></datafield><datafield ind1="0" ind2="0" tag="245"><subfield code="a">Lorain Sunday news.</subfield></datafield><datafield ind1=" " ind2=" " tag="260"><subfield code="a">Lorain, Ohio :</subfield><subfield code="b">The Lorain News,</subfield><subfield code="c">1940-1954.</subfield></datafield><datafield ind1=" " ind2=" " tag="300"><subfield code="a">v.</subfield></datafield><datafield ind1=" " ind2=" " tag="310"><subfield code="a">Weekly</subfield></datafield><datafield ind1="0" ind2=" " tag="362"><subfield code="a">Vol. 3, no. 52 (Oct. 6, 1940)-v. 6, no. 21 (June 27, 1954).</subfield></datafield><datafield ind1=" " ind2="4" tag="651"><subfield code="a">Lorain (Ohio)</subfield><subfield code="v">Newspapers.</subfield></datafield><datafield ind1=" " ind2="4" tag="651"><subfield code="a">Lorain County (Ohio)</subfield><subfield code="v">Newspapers.</subfield></datafield><datafield ind1=" " ind2=" " tag="752"><subfield code="a">United States</subfield><subfield code="b">Ohio</subfield><subfield code="c">Lorain</subfield><subfield code="d">Lorain.</subfield></datafield><datafield ind1="0" ind2="0" tag="780"><subfield code="t">Lorain news (Lorain, Ohio : 1937)</subfield><subfield code="w">(DLC)sn 93065815</subfield></datafield></record>